@article{Ahmad2020association,
   author = {Ahmad, Khansa and Erqou, Sebhat and Shah, Nishant and Nazir, Umair and Morrison, Alan R. and Choudhary, Gaurav and Wu, Wen-Chih},
   title = {Association of poor housing conditions with COVID-19 incidence and mortality across US counties},
   journal = {PLOS ONE},
   volume = {15},
   number = {11},
   pages = {e0241327},
   ISSN = {1932-6203},
   DOI = {10.1371/journal.pone.0241327},
   url = {https://dx.doi.org/10.1371/journal.pone.0241327},
   year = {2020},
   type = {Journal Article}
}

@article{Amadu2021assessing,
   author = {Amadu, Iddrisu and Ahinkorah, Bright Opoku and Afitiri, Abdul-Rahaman and Seidu, Abdul-Aziz and Ameyaw, Edward Kwabena and Hagan, John Elvis and Duku, Eric and Aram, Simon Appah},
   title = {Assessing sub-regional-specific strengths of healthcare systems associated with COVID-19 prevalence, deaths and recoveries in Africa},
   journal = {PLOS ONE},
   volume = {16},
   number = {3},
   pages = {e0247274},
   ISSN = {1932-6203},
   DOI = {10.1371/journal.pone.0247274},
   url = {https://dx.doi.org/10.1371/journal.pone.0247274},
   year = {2021},
   type = {Journal Article}
}

@article{Anazco2021publication,
   author = {Añazco, Diego and Nicolalde, Bryan and Espinosa, Isabel and Camacho, Jose and Mushtaq, Mariam and Gimenez, Jimena and Teran, Enrique},
   title = {Publication rate and citation counts for preprints released during the COVID-19 pandemic: the good, the bad and the ugly},
   journal = {PeerJ},
   volume = {9},
   pages = {e10927},
   ISSN = {2167-8359},
   DOI = {10.7717/peerj.10927},
   url = {https://dx.doi.org/10.7717/peerj.10927},
   year = {2021},
   type = {Journal Article}
}

@article{Sharifi2020covid,
   author = {Sharifi, Ayyoob and Khavarian-Garmsir, Amir Reza},
   title = {The COVID-19 pandemic: Impacts on cities and major lessons for urban planning, design, and management},
   journal = {Science of The Total Environment},
   volume = {749},
   pages = {142391},
   ISSN = {0048-9697},
   DOI = {https://doi.org/10.1016/j.scitotenv.2020.142391},
   url = {https://www.sciencedirect.com/science/article/pii/S0048969720359209},
   year = {2020},
   type = {Journal Article}
}

@article{Basu2017ten,
   author = {Basu, Sanjay and Carney, Megan A. and Kenworthy, Nora J.},
   title = {Ten years after the financial crisis: The long reach of austerity and its global impacts on health},
   journal = {Social Science & Medicine},
   volume = {187},
   pages = {203-207},
   ISSN = {0277-9536},
   DOI = {10.1016/j.socscimed.2017.06.026},
   url = {https://dx.doi.org/10.1016/j.socscimed.2017.06.026},
   year = {2017},
   type = {Journal Article}
}


@article{Bhadra2021impact,
   author = {Bhadra, Arunava and Mukherjee, Arindam and Sarkar, Kabita},
   title = {Impact of population density on Covid-19 infected and mortality rate in India},
   journal = {Modeling Earth Systems and Environment},
   volume = {7},
   number = {1},
   pages = {623-629},
   ISSN = {2363-6203},
   DOI = {10.1007/s40808-020-00984-7},
   url = {https://dx.doi.org/10.1007/s40808-020-00984-7},
   year = {2021},
   type = {Journal Article}
}

@article{Bramstedt2020carnage,
   author = {Bramstedt, Katrina A.},
   title = {The carnage of substandard research during the COVID-19 pandemic: a call for quality},
   journal = {Journal of Medical Ethics},
   volume = {46},
   number = {12},
   pages = {803-807},
   ISSN = {0306-6800},
   DOI = {10.1136/medethics-2020-106494},
   url = {https://dx.doi.org/10.1136/medethics-2020-106494},
   year = {2020},
   type = {Journal Article}
}

@article{Brandtner2021creatures,
   author = {Brandtner, Christof and Bettencourt, Luís M. A. and Berman, Marc G. and Stier, Andrew J.},
   title = {Creatures of the state? Metropolitan counties compensated for state inaction in initial U.S. response to COVID-19 pandemic},
   journal = {PLOS ONE},
   volume = {16},
   number = {2},
   pages = {e0246249},
   ISSN = {1932-6203},
   DOI = {10.1371/journal.pone.0246249},
   url = {https://dx.doi.org/10.1371/journal.pone.0246249},
   year = {2021},
   type = {Journal Article}
}



@article{Broggini2017reproducible,
   author = {Broggini, F. and Dellinger, J. and Fomel, S. and Liu, Y.},
   title = {Reproducible research: Geophysics papers of the future - Introduction},
   journal = {Geophysics},
   volume = {82},
   number = {6},
   ISSN = {0016-8033},
   DOI = {10.1190/geo2017-0918-spseintro.1},
   url = {<Go to ISI>://WOS:000417973300069},
   year = {2017},
   type = {Journal Article}
}

@article{Brunsdon2020opening,
   author = {Brunsdon, Chris and Comber, Alexis},
   title = {Opening practice: supporting reproducibility and critical spatial data science},
   journal = {Journal of Geographical Systems},
   ISSN = {1435-5949},
   DOI = {10.1007/s10109-020-00334-2},
   url = {https://doi.org/10.1007/s10109-020-00334-2},
   year = {2020},
   type = {Journal Article}
}

@article{Chauhan2021covid,
	journal={Findings},
	doi={10.32866/001c.23714},
	publisher={Network Design Lab},
	title={COVID-19 related Attitudes and Risk Perceptions across Urban, Rural, and Suburban Areas in the United States},
	author={Chauhan, Rishabh Singh and Capasso da Silva, Denise and Salon, Deborah and Shamshiripour, Ali and Rahimi, Ehsan and Sutradhar, Uttara and Khoeini, Sara and Mohammadian, Abolfazl (Kouros) and Derrible, Sybil and Pendyala, Ram},
	date={2021-06-07},
	year=2021,
	month=6,
	day=7,
}

@article{Cressie1989geostatistics,
   author = {Cressie, Noel},
   title = {Geostatistics},
   journal = {The American Statistician},
   volume = {43},
   number = {4},
   pages = {197},
   ISSN = {0003-1305},
   DOI = {10.2307/2685361},
   url = {https://dx.doi.org/10.2307/2685361},
   year = {1989},
   type = {Journal Article}
}

@article{Cruz2020exploring,
   author = {Cruz, Christian Joy Pattawi and Ganly, Rachel and Li, Zilin and Gietel-Basten, Stuart},
   title = {Exploring the young demographic profile of COVID-19 cases in Hong Kong: Evidence from migration and travel history data},
   journal = {PLOS ONE},
   volume = {15},
   number = {6},
   pages = {e0235306},
   ISSN = {1932-6203},
   DOI = {10.1371/journal.pone.0235306},
   url = {https://dx.doi.org/10.1371/journal.pone.0235306},
   year = {2020},
   type = {Journal Article}
}

@article{Kindi2021demographic,
   author = {Al Kindi, Khalifa M. and Al-Mawali, Adhra and Akharusi, Amira and Alshukaili, Duhai and Alnasiri, Noura and Al-Awadhi, Talal and Charabi, Yassine and El Kenawy, Ahmed M.},
   title = {Demographic and socioeconomic determinants of COVID-19 across Oman - A geospatial modelling approach},
   journal = {Geospatial Health},
   volume = {16},
   number = {1},
   ISSN = {1970-7096},
   DOI = {10.4081/gh.2021.985},
   url = {https://dx.doi.org/10.4081/gh.2021.985},
   year = {2021},
   type = {Journal Article}
}

@article{Farber2011running,
   author = {Farber, Steven and Páez, Antonio},
   title = {Running to stay in place: the time-use implications of automobile oriented land-use and travel},
   journal = {Journal of Transport Geography},
   volume = {19},
   number = {4},
   pages = {782-793},
   ISSN = {0966-6923},
   DOI = {10.1016/j.jtrangeo.2010.09.008},
   url = {http://www.sciencedirect.com/science/article/pii/S0966692310001559},
   year = {2011},
   type = {Journal Article}
}

@article{Feng2020spread,
   author = {Feng, Yongjiu and Li, Qingmei and Tong, Xiaohua and Wang, Rong and Zhai, Shuting and Gao, Chen and Lei, Zhenkun and Chen, Shurui and Zhou, Yilun and Wang, Jiafeng and Yan, Xiongfeng and Xie, Huan and Chen, Peng and Liu, Shijie and Xv, Xiong and Liu, Sicong and Jin, Yanmin and Wang, Chao and Hong, Zhonghua and Luan, Kuifeng and Wei, Chao and Xu, Jinfu and Jiang, Hua and Xiao, Changjiang and Guo, Yiyou},
   title = {Spatiotemporal spread pattern of the COVID-19 cases in China},
   journal = {PLOS ONE},
   volume = {15},
   number = {12},
   pages = {e0244351},
   ISSN = {1932-6203},
   DOI = {10.1371/journal.pone.0244351},
   url = {https://dx.doi.org/10.1371/journal.pone.0244351},
   year = {2020},
   type = {Journal Article}
}

@article{Feyman2020effectiveness,
   author = {Feyman, Yevgeniy and Bor, Jacob and Raifman, Julia and Griffith, Kevin N.},
   title = {Effectiveness of COVID-19 shelter-in-place orders varied by state},
   journal = {PLOS ONE},
   volume = {15},
   number = {12},
   pages = {e0245008},
   ISSN = {1932-6203},
   DOI = {10.1371/journal.pone.0245008},
   url = {https://dx.doi.org/10.1371/journal.pone.0245008},
   year = {2020},
   type = {Journal Article}
}



@article{Fielding2020social,
   author = {Fielding-Miller, Rebecca K. and Sundaram, Maria E. and Brouwer, Kimberly},
   title = {Social determinants of COVID-19 mortality at the county level},
   journal = {PLOS ONE},
   volume = {15},
   number = {10},
   pages = {e0240151},
   ISSN = {1932-6203},
   DOI = {10.1371/journal.pone.0240151},
   url = {https://dx.doi.org/10.1371/journal.pone.0240151},
   year = {2020},
   type = {Journal Article}
}



@article{Florida2020how,
   author = {Florida, R and Glaeser, E and Sharif, MM and Bedi, K and Campanella, TJ and Chee, CH and Doctoroff, D and Katz, B and Katz, R and Kotkin, J},
   title = {How life in our cities will look after the coronavirus pandemic},
   journal = {Foreign Policy},
   volume = {1},
   url = {https://foreignpolicy.com/2020/05/01/future-of-cities-urban-life-after-coronavirus-pandemic/},
   year = {2020},
   type = {Journal Article}
}


@article{Fraser2021evolving,
   author = {Fraser, Nicholas and Brierley, Liam and Dey, Gautam and Polka, Jessica K. and Pálfy, Máté and Nanni, Federico and Coates, Jonathon Alexis},
   title = {The evolving role of preprints in the dissemination of COVID-19 research and their impact on the science communication landscape},
   journal = {PLOS Biology},
   volume = {19},
   number = {4},
   pages = {e3000959},
   ISSN = {1545-7885},
   DOI = {10.1371/journal.pbio.3000959},
   url = {https://dx.doi.org/10.1371/journal.pbio.3000959},
   year = {2021},
   type = {Journal Article}
}

@article{Gomez2021infekta,
   author = {Gomez, Jonatan and Prieto, Jeisson and Leon, Elizabeth and Rodríguez, Arles},
   title = {INFEKTA—An agent-based model for transmission of infectious diseases: The COVID-19 case in Bogotá, Colombia},
   journal = {PLOS ONE},
   volume = {16},
   number = {2},
   pages = {e0245787},
   ISSN = {1932-6203},
   DOI = {10.1371/journal.pone.0245787},
   url = {https://dx.doi.org/10.1371/journal.pone.0245787},
   year = {2021},
   type = {Journal Article}
}

@article{Getis2002comparative,
   author = {Getis, A. and Griffith, D. A.},
   title = {Comparative spatial filtering in regression analysis},
   journal = {Geographical Analysis},
   volume = {34},
   number = {2},
   pages = {130-140},
   ISSN = {0016-7363},
   url = {ISI:000174892300003
C:/Papers/Geographical Analysis/Geographical Analysis (2002) 34 (2) 130-140.pdf},
   year = {2002},
   type = {Journal Article}
}

@article{Griffith2000linear,
   author = {Griffith, D. A.},
   title = {A linear regression solution to the spatial autocorrelation problem},
   journal = {Journal of Geographical Systems},
   volume = {2},
   number = {2},
   pages = {141-156},
   year = {2000},
   type = {Journal Article}
}


@article{Griffith2004spatial,
   author = {Griffith, D. A.},
   title = {A spatial filtering specification for the autologistic model},
   journal = {Environment and Planning A},
   volume = {36},
   number = {10},
   pages = {1791-1811},
   url = {ISI:000224552100007
C:/Papers/Environment and Planning A/Environment and Planning A (2004) 36 (10) 791-181.pdf},
   year = {2004},
   type = {Journal Article}
}


@article{Gustot2020quality,
   author = {Gustot, T.},
   title = {Quality and reproducibility during the COVID-19 pandemic},
   journal = {JHEP Rep},
   volume = {2},
   number = {4},
   pages = {100141},
   ISSN = {2589-5559},
   DOI = {10.1016/j.jhepr.2020.100141},
   year = {2020},
   type = {Journal Article}
}


@article{Hamidi2020longitudinal,
   author = {Hamidi, Shima and Ewing, Reid and Sabouri, Sadegh},
   title = {Longitudinal analyses of the relationship between development density and the COVID-19 morbidity and mortality rates: Early evidence from 1,165 metropolitan counties in the United States},
   journal = {Health & Place},
   volume = {64},
   pages = {102378},
   ISSN = {1353-8292},
   DOI = {10.1016/j.healthplace.2020.102378},
   url = {https://dx.doi.org/10.1016/j.healthplace.2020.102378},
   year = {2020},
   type = {Journal Article}
}

@article{Hamidi2020density,
   author = {Hamidi, Shima and Sabouri, Sadegh and Ewing, Reid},
   title = {Does Density Aggravate the COVID-19 Pandemic?},
   journal = {Journal of the American Planning Association},
   volume = {86},
   number = {4},
   pages = {495-509},
   ISSN = {0194-4363},
   DOI = {10.1080/01944363.2020.1777891},
   url = {https://dx.doi.org/10.1080/01944363.2020.1777891},
   year = {2020},
   type = {Journal Article}
}

@article{Hamidi2021compact,
   author = {Hamidi, Shima and Zandiatashbar, Ahoura},
   title = {Compact development and adherence to stay-at-home order during the COVID-19 pandemic: A longitudinal investigation in the United States},
   journal = {Landscape and Urban Planning},
   volume = {205},
   pages = {103952},
   ISSN = {0169-2046},
   DOI = {https://doi.org/10.1016/j.landurbplan.2020.103952},
   url = {https://www.sciencedirect.com/science/article/pii/S016920462030712X},
   year = {2021},
   type = {Journal Article}
}

@article{Harris2021Changes,
	journal={Findings},
	doi={10.32866/001c.19088},
	publisher={Network Design Lab},
	title={Changes in Commute Mode Attributed to COVID-19 Risk in Canadian National Survey Data},
	author={Harris, M. Anne and Branion-Calles, Michael},
	date={2021-02-11},
	year=2021,
	month=2,
	day=11,
}


@article{Hass2021geography,
   author = {Hass, Frederik Seeup and Jokar Arsanjani, Jamal},
   title = {The Geography of the Covid-19 Pandemic: A Data-Driven Approach to Exploring Geographical Driving Forces},
   journal = {International Journal of Environmental Research and Public Health},
   volume = {18},
   number = {6},
   pages = {2803},
   ISSN = {1660-4601},
   DOI = {10.3390/ijerph18062803},
   url = {https://dx.doi.org/10.3390/ijerph18062803},
   year = {2021},
   type = {Journal Article}
}

@article{Henning2021socio,
   author = {Henning, Allison and McLaughlin, Christopher and Armen, Scott and Allen, Steven},
   title = {Socio-spatial influences on the prevalence of COVID-19 in central Pennsylvania},
   journal = {Spatial and Spatio-temporal Epidemiology},
   volume = {37},
   pages = {100411},
   ISSN = {1877-5845},
   DOI = {10.1016/j.sste.2021.100411},
   url = {https://dx.doi.org/10.1016/j.sste.2021.100411},
   year = {2021},
   type = {Journal Article}
}

@article{Herndon2014high,
   author = {Herndon, T. and Ash, M. and Pollin, R.},
   title = {Does high public debt consistently stifle economic growth? A critique of Reinhart and Rogoff},
   journal = {Cambridge Journal of Economics},
   volume = {38},
   number = {2},
   pages = {257-279},
   ISSN = {0309-166X},
   DOI = {10.1093/cje/bet075},
   url = {https://dx.doi.org/10.1093/cje/bet075},
   year = {2014},
   type = {Journal Article}
}


@article{Inbaraj2021seroprevalence,
   author = {Inbaraj, Leeberk Raja and George, Carolin Elizabeth and Chandrasingh, Sindhulina},
   title = {Seroprevalence of COVID-19 infection in a rural district of South India: A population-based seroepidemiological study},
   journal = {PLOS ONE},
   volume = {16},
   number = {3},
   pages = {e0249247},
   ISSN = {1932-6203},
   DOI = {10.1371/journal.pone.0249247},
   url = {https://dx.doi.org/10.1371/journal.pone.0249247},
   year = {2021},
   type = {Journal Article}
}

@article{Ince2012case,
   author = {Ince, D. C. and Hatton, L. and Graham-Cumming, J.},
   title = {The case for open computer programs},
   journal = {Nature},
   volume = {482},
   number = {7386},
   pages = {485-488},
   ISSN = {0028-0836},
   DOI = {10.1038/nature10836},
   url = {<Go to ISI>://WOS:000300770500042},
   year = {2012},
   type = {Journal Article}
}

@article{Ioannidis2014increasing,
   author = {Ioannidis, J. P. A. and Greenland, S. and Hlatky, M. A. and Khoury, M. J. and Macleod, M. R. and Moher, D. and Schulz, K. F. and Tibshirani, R.},
   title = {Increasing value and reducing waste in research design, conduct, and analysis},
   journal = {Lancet},
   volume = {383},
   number = {9912},
   pages = {166-175},
   ISSN = {0140-6736},
   DOI = {10.1016/s0140-6736(13)62227-8},
   url = {<Go to ISI>://WOS:000329579600032},
   year = {2014},
   type = {Journal Article}
}

@article{Iqbal2016reproducible,
   author = {Iqbal, S. A. and Wallach, J. D. and Khoury, M. J. and Schully, S. D. and Ioannidis, J. P. A.},
   title = {Reproducible Research Practices and Transparency across the Biomedical Literature},
   journal = {Plos Biology},
   volume = {14},
   number = {1},
   ISSN = {1545-7885},
   DOI = {10.1371/journal.pbio.1002333},
   url = {<Go to ISI>://WOS:000371882900003},
   year = {2016},
   type = {Journal Article}
}

@article{Jamal2020Changes,
	journal={Findings},
	doi={10.32866/001c.17977},
	publisher={Network Design Lab},
	title={Changes in Trip-making Frequency by Mode during COVID-19},
	author={Jamal, Shaila and Paez, Antonio},
	date={2020-11-16},
	year=2020,
	month=11,
	day=16,
}

@article{Konkol2019examination,
   author = {Konkol, M. and Kray, C.},
   title = {In-depth examination of spatiotemporal figures in open reproducible research},
   journal = {Cartography and Geographic Information Science},
   volume = {46},
   number = {5},
   pages = {412-427},
   ISSN = {1523-0406},
   DOI = {10.1080/15230406.2018.1512421},
   url = {<Go to ISI>://WOS:000475449900003},
   year = {2019},
   type = {Journal Article}
}

@article{Konkol2019computational,
   author = {Konkol, M. and Kray, C. and Pfeiffer, M.},
   title = {Computational reproducibility in geoscientific papers: Insights from a series of studies with geoscientists and a reproduction study},
   journal = {International Journal of Geographical Information Science},
   volume = {33},
   number = {2},
   pages = {408-429},
   ISSN = {1365-8816},
   DOI = {10.1080/13658816.2018.1508687},
   url = {<Go to ISI>://WOS:000450550600009},
   year = {2019},
   type = {Journal Article}
}



@article{Kadi2020population,
   author = {Kadi, Nadjat and Khelfaoui, Mounia},
   title = {Population density, a factor in the spread of COVID-19 in Algeria: statistic study},
   journal = {Bulletin of the National Research Centre},
   volume = {44},
   number = {1},
   ISSN = {2522-8307},
   DOI = {10.1186/s42269-020-00393-x},
   url = {https://dx.doi.org/10.1186/s42269-020-00393-x},
   year = {2020},
   type = {Journal Article}
}

@article{Khavarian2021high,
   author = {Khavarian-Garmsir, Amir Reza and Sharifi, Ayyoob and Moradpour, Nabi},
   title = {Are high-density districts more vulnerable to the COVID-19 pandemic?},
   journal = {Sustainable Cities and Society},
   volume = {70},
   pages = {102911},
   ISSN = {2210-6707},
   DOI = {10.1016/j.scs.2021.102911},
   url = {https://dx.doi.org/10.1016/j.scs.2021.102911},
   year = {2021},
   type = {Journal Article}
}

@article{Kwok2021spatial,
   author = {Kwok, Coco Yin Tung and Wong, Man Sing and Chan, Ka Long and Kwan, Mei-Po and Nichol, Janet Elizabeth and Liu, Chun Ho and Wong, Janet Yuen Ha and Wai, Abraham Ka Chung and Chan, Lawrence Wing Chi and Xu, Yang and Li, Hon and Huang, Jianwei and Kan, Zihan},
   title = {Spatial analysis of the impact of urban geometry and socio-demographic characteristics on COVID-19, a study in Hong Kong},
   journal = {Science of The Total Environment},
   volume = {764},
   pages = {144455},
   ISSN = {0048-9697},
   DOI = {10.1016/j.scitotenv.2020.144455},
   url = {https://dx.doi.org/10.1016/j.scitotenv.2020.144455},
   year = {2021},
   type = {Journal Article}
}

@article{Kwon2021swamped,
   author = {Kwon, Diana},
   title = {How swamped preprint servers are blocking bad coronavirus research},
   journal = {Nature},
   volume = {581},
   number = {7807},
   pages = {130-132},
   ISSN = {0028-0836},
   year = {2020},
   type = {Journal Article}
}

@article{Lee2020human,
   author = {Lee, Minha and Zhao, Jun and Sun, Qianqian and Pan, Yixuan and Zhou, Weiyi and Xiong, Chenfeng and Zhang, Lei},
   title = {Human mobility trends during the early stage of the COVID-19 pandemic in the United States},
   journal = {PLOS ONE},
   volume = {15},
   number = {11},
   pages = {e0241468},
   ISSN = {1932-6203},
   DOI = {10.1371/journal.pone.0241468},
   url = {https://dx.doi.org/10.1371/journal.pone.0241468},
   year = {2020},
   type = {Journal Article}
}

@article{Li2018effect,
   author = {Li, Ruiqi and Richmond, Peter and Roehner, Bertrand M.},
   title = {Effect of population density on epidemics},
   journal = {Physica A: Statistical Mechanics and its Applications},
   volume = {510},
   pages = {713-724},
   ISSN = {0378-4371},
   DOI = {10.1016/j.physa.2018.07.025},
   url = {https://dx.doi.org/10.1016/j.physa.2018.07.025},
   year = {2018},
   type = {Journal Article}
}

@book{Maddala1983limited,
   author = {Maddala, G. S.},
   title = {Limited-Dependent and Qualitative Variables in Econometrics},
   publisher = {Cambridge University Press},
   address = {Cambridge},
   year = {1983},
   type = {Book}
}

@article{Micallef2020first,
   author = {Micallef, Sarah and Piscopo, Tonio V. and Casha, Ramon and Borg, Denise and Vella, Chantal and Zammit, Maria-Alessandra and Borg, Janice and Mallia, Daniela and Farrugia, James and Vella, Sarah Marie and Xerri, Thelma and Portelli, Anette and Fenech, Manuel and Fsadni, Claudia and Mallia Azzopardi, Charles},
   title = {The first wave of COVID-19 in Malta; a national cross-sectional study},
   journal = {PLOS ONE},
   volume = {15},
   number = {10},
   pages = {e0239389},
   ISSN = {1932-6203},
   DOI = {10.1371/journal.pone.0239389},
   url = {https://dx.doi.org/10.1371/journal.pone.0239389},
   year = {2020},
   type = {Journal Article}
}

@article{Molloy2020Tracing,
	journal={Findings},
	doi={10.32866/001c.12903},
	publisher={Network Design Lab},
	title={Tracing the Sars-CoV-2 Impact: The First Month in Switzerland},
	author={Molloy, Joseph and Tchervenkov, Christopher and Hintermann, Beat and Axhausen, Kay W.},
	date={2020-05-27},
	year=2020,
	month=5,
	day=27,
}



@article{Moonsammy2021covid,
   author = {Moonsammy, Stephan and Oyedotun, Temitope D. Timothy and Renn-Moonsammy, Donna-Marie and Oyedotun, Temitayo Deborah},
   title = {COVID-19 modelling in the Caribbean: Spatial and statistical assessments},
   journal = {Spatial and Spatio-temporal Epidemiology},
   volume = {37},
   pages = {100416},
   ISSN = {1877-5845},
   DOI = {https://doi.org/10.1016/j.sste.2021.100416},
   url = {https://www.sciencedirect.com/science/article/pii/S1877584521000150},
   year = {2021},
   type = {Journal Article}
}

@article{Moore1970some,
   author = {Moore, E. G.},
   title = {Some Spatial Properties of Urban Contact Fields},
   journal = {Geographical Analysis},
   volume = {2},
   number = {4},
   pages = {376-386},
   year = {1970},
   type = {Journal Article}
}

@article{Moore1970urban,
   author = {Moore, E. G. and Brown, L. A.},
   title = {Urban acquaintance fields: an evaluation of a spatial model},
   journal = {Environment and Planning},
   volume = {2},
   number = {4},
   pages = {443-454},
   url = {http://www.envplan.com/abstract.cgi?id=a020443},
   year = {1970},
   type = {Journal Article}
}

@article{Noland1995perceived,
   author = {Noland, R. B.},
   title = {PERCEIVED RISK AND MODAL CHOICE - RISK COMPENSATION IN TRANSPORTATION SYSTEM},
   journal = {Accident Analysis and Prevention},
   volume = {27},
   number = {4},
   pages = {503-521},
   ISSN = {0001-4575},
   DOI = {10.1016/0001-4575(94)00087-3},
   url = {<Go to ISI>://WOS:A1995RK39800008},
   year = {1995},
   type = {Journal Article}
}



@article{Noland2021mobility,
   author = {Noland, Robert B.},
   title = {Mobility and the effective reproduction rate of COVID-19},
   journal = {Journal of Transport & Health},
   volume = {20},
   pages = {101016},
   ISSN = {2214-1405},
   DOI = {https://doi.org/10.1016/j.jth.2021.101016},
   url = {https://www.sciencedirect.com/science/article/pii/S2214140521000104},
   year = {2021},
   type = {Journal Article}
}

@article{Noury2021how,
   author = {Noury, Abdul and François, Abel and Gergaud, Olivier and Garel, Alexandre},
   title = {How does COVID-19 affect electoral participation? evidence from the French municipal elections},
   journal = {PLOS ONE},
   volume = {16},
   number = {2},
   pages = {e0247026},
   ISSN = {1932-6203},
   DOI = {10.1371/journal.pone.0247026},
   url = {https://dx.doi.org/10.1371/journal.pone.0247026},
   year = {2021},
   type = {Journal Article}
}

@article{Paez2019using,
   author = {Paez, Antonio},
   title = {Using Spatial Filters and Exploratory Data Analysis to Enhance Regression Models of Spatial Data},
   journal = {Geographical Analysis},
   volume = {51},
   number = {3},
   pages = {314-338},
   ISSN = {0016-7363},
   DOI = {10.1111/gean.12180},
   url = {<Go to ISI>://WOS:000475464200003},
   year = {2019},
   type = {Journal Article}
}


@article{Paez2020spatio,
   author = {Paez, Antonio and Lopez, Fernando A. and Menezes, Tatiane and Cavalcanti, Renata and Pitta, Maira Galdino da Rocha},
   title = {A Spatio-Temporal Analysis of the Environmental Correlates of COVID-19 Incidence in Spain},
   journal = {Geographical Analysis},
   volume = {n/a},
   number = {n/a},
   ISSN = {0016-7363},
   DOI = {10.1111/gean.12241},
   url = {https://onlinelibrary.wiley.com/doi/abs/10.1111/gean.12241},
   year = {2020},
   type = {Journal Article}
}



@article{Paez2020using,
   author = {Paez, A},
   title = {Using Google Community Mobility Reports to investigate the incidence of COVID-19 in the United States},
   journal = {Findings},
   DOI = {https://doi.org/10.32866/001c.12976},
   year = {2020},
   type = {Journal Article}
}

@article{Pequeno2020air,
   author = {Pequeno, Pedro and Mendel, Bruna and Rosa, Clarissa and Bosholn, Mariane and Souza, Jorge Luiz and Baccaro, Fabricio and Barbosa, Reinaldo and Magnusson, William},
   title = {Air transportation, population density and temperature predict the spread of COVID-19 in Brazil},
   journal = {PeerJ},
   volume = {8},
   pages = {e9322},
   ISSN = {2167-8359},
   DOI = {10.7717/peerj.9322},
   url = {https://dx.doi.org/10.7717/peerj.9322},
   year = {2020},
   type = {Journal Article}
}

@article{Phillips2011risk,
   author = {Phillips, R. O. and Fyhri, A. and Sagberg, F.},
   title = {Risk Compensation and Bicycle Helmets},
   journal = {Risk Analysis},
   volume = {31},
   number = {8},
   pages = {1187-1195},
   ISSN = {0272-4332},
   DOI = {10.1111/j.1539-6924.2011.01589.x},
   url = {<Go to ISI>://WOS:000293906500003},
   year = {2011},
   type = {Journal Article}
}



@article{Praharaj2020Using,
	journal={Findings},
	doi={10.32866/001c.17590},
	publisher={Network Design Lab},
	title={Using Aggregated Mobility Data to Measure the Effect of COVID-19 Policies on Mobility Changes in Sydney, London, Phoenix, and Pune},
	author={Praharaj, Sarbeswar and King, David and Pettit, Christopher and Wentz, Elizabeth},
	date={2020-10-19},
	year=2020,
	month=10,
	day=19,
}


@article{Richens2000condoms,
   author = {Richens, J. and Imrie, J. and Copas, A.},
   title = {Condoms and seat belts: the parallels and the lessons},
   journal = {Lancet},
   volume = {355},
   number = {9201},
   pages = {400-403},
   ISSN = {0140-6736},
   DOI = {10.1016/s0140-6736(99)09109-6},
   url = {<Go to ISI>://WOS:000085122100039},
   year = {2000},
   type = {Journal Article}
}


@article{Rocklov2020high,
   author = {Rocklöv, Joacim and Sjödin, Henrik},
   title = {High population densities catalyse the spread of COVID-19},
   journal = {Journal of Travel Medicine},
   volume = {27},
   number = {3},
   ISSN = {1195-1982},
   DOI = {10.1093/jtm/taaa038},
   url = {https://dx.doi.org/10.1093/jtm/taaa038},
   year = {2020},
   type = {Journal Article}
}

@article{Roy2020factors,
   author = {Roy, Satyaki and Ghosh, Preetam},
   title = {Factors affecting COVID-19 infected and death rates inform lockdown-related policymaking},
   journal = {PLOS ONE},
   volume = {15},
   number = {10},
   pages = {e0241165},
   ISSN = {1932-6203},
   DOI = {10.1371/journal.pone.0241165},
   url = {https://dx.doi.org/10.1371/journal.pone.0241165},
   year = {2020},
   type = {Journal Article}
}

@article{Skorka2020macroecology,
   author = {Skórka, Piotr and Grzywacz, Beata and Moroń, Dawid and Lenda, Magdalena},
   title = {The macroecology of the COVID-19 pandemic in the Anthropocene},
   journal = {PLOS ONE},
   volume = {15},
   number = {7},
   pages = {e0236856},
   ISSN = {1932-6203},
   DOI = {10.1371/journal.pone.0236856},
   url = {https://dx.doi.org/10.1371/journal.pone.0236856},
   year = {2020},
   type = {Journal Article}
}

@article{Souris2020covid,
   author = {Souris, Marc and Gonzalez, Jean-Paul},
   title = {COVID-19: Spatial analysis of hospital case-fatality rate in France},
   journal = {PLOS ONE},
   volume = {15},
   number = {12},
   pages = {e0243606},
   ISSN = {1932-6203},
   DOI = {10.1371/journal.pone.0243606},
   url = {https://dx.doi.org/10.1371/journal.pone.0243606},
   year = {2020},
   type = {Journal Article}
}

@article{Stephens2021impact,
   author = {Stephens, Kenton E. and Chernyavskiy, Pavel and Bruns, Danielle R.},
   title = {Impact of altitude on COVID-19 infection and death in the United States: A modeling and observational study},
   journal = {PLOS ONE},
   volume = {16},
   number = {1},
   pages = {e0245055},
   ISSN = {1932-6203},
   DOI = {10.1371/journal.pone.0245055},
   url = {https://dx.doi.org/10.1371/journal.pone.0245055},
   year = {2021},
   type = {Journal Article}
}

@article{Stodden2018empirical,
   author = {Stodden, V. and Seiler, J. and Ma, Z. K.},
   title = {An empirical analysis of journal policy effectiveness for computational reproducibility},
   journal = {Proceedings of the National Academy of Sciences of the United States of America},
   volume = {115},
   number = {11},
   pages = {2584-2589},
   ISSN = {0027-8424},
   DOI = {10.1073/pnas.1708290115},
   url = {<Go to ISI>://WOS:000427245400036},
   year = {2018},
   type = {Journal Article}
}

@article{Sumner2020reproducibility,
   author = {Sumner, Josh and Haynes, Leah and Nathan, Sarah and Hudson-Vitale, Cynthia and McIntosh, Leslie D.},
   title = {Reproducibility and reporting practices in COVID-19 preprint manuscripts},
   journal = {medRxiv},
   pages = {2020.03.24.20042796},
   DOI = {10.1101/2020.03.24.20042796},
   url = {https://www.medrxiv.org/content/medrxiv/early/2020/03/27/2020.03.24.20042796.full.pdf},
   year = {2020},
   type = {Journal Article}
}

@article{Sun2020impacts,
   author = {Sun, Zhibin and Zhang, Hui and Yang, Yifei and Wan, Hua and Wang, Yixiang},
   title = {Impacts of geographic factors and population density on the COVID-19 spreading under the lockdown policies of China},
   journal = {Science of The Total Environment},
   volume = {746},
   pages = {141347},
   ISSN = {0048-9697},
   DOI = {10.1016/j.scitotenv.2020.141347},
   url = {https://dx.doi.org/10.1016/j.scitotenv.2020.141347},
   year = {2020},
   type = {Journal Article}
}

@article{Sy2021population,
   author = {Sy, Karla Therese L. and White, Laura F. and Nichols, Brooke E.},
   title = {Population density and basic reproductive number of COVID-19 across United States counties},
   journal = {PLOS ONE},
   volume = {16},
   number = {4},
   pages = {e0249271},
   ISSN = {1932-6203},
   DOI = {10.1371/journal.pone.0249271},
   url = {https://dx.doi.org/10.1371/journal.pone.0249271},
   year = {2021},
   type = {Journal Article}
}

@article{Tsori2021epidemiological,
   author = {Tsori, Yoav and Granek, Rony},
   title = {Epidemiological model for the inhomogeneous spatial spreading of COVID-19 and other diseases},
   journal = {PLOS ONE},
   volume = {16},
   number = {2},
   pages = {e0246056},
   ISSN = {1932-6203},
   DOI = {10.1371/journal.pone.0246056},
   url = {https://dx.doi.org/10.1371/journal.pone.0246056},
   year = {2021},
   type = {Journal Article}
}



@article{Vlasschaert2020proliferation,
   author = {Vlasschaert, Caitlyn and Topf, Joel M. and Hiremath, Swapnil},
   title = {Proliferation of Papers and Preprints During the Coronavirus Disease 2019 Pandemic: Progress or Problems With Peer Review?},
   journal = {Advances in Chronic Kidney Disease},
   volume = {27},
   number = {5},
   pages = {418-426},
   ISSN = {1548-5595},
   DOI = {10.1053/j.ackd.2020.08.003},
   url = {https://dx.doi.org/10.1053/j.ackd.2020.08.003},
   year = {2020},
   type = {Journal Article}
}

@article{Wang2021transmission,
   author = {Wang, Fangxiong and Tan, Ziqian and Yu, Zaihui and Yao, Siqi and Guo, Changfeng},
   title = {Transmission and control pressure analysis of the COVID-19 epidemic situation using multisource spatio-temporal big data},
   journal = {PLOS ONE},
   volume = {16},
   number = {3},
   pages = {e0249145},
   ISSN = {1932-6203},
   DOI = {10.1371/journal.pone.0249145},
   url = {https://dx.doi.org/10.1371/journal.pone.0249145},
   year = {2021},
   type = {Journal Article}
}

@article{White2020state,
   author = {White, Easton R. and Hébert-Dufresne, Laurent},
   title = {State-level variation of initial COVID-19 dynamics in the United States},
   journal = {PLOS ONE},
   volume = {15},
   number = {10},
   pages = {e0240648},
   ISSN = {1932-6203},
   DOI = {10.1371/journal.pone.0240648},
   url = {https://dx.doi.org/10.1371/journal.pone.0240648},
   year = {2020},
   type = {Journal Article}
}



@article{Wong2020spreading,
   author = {Wong, David W. S. and Li, Yun},
   title = {Spreading of COVID-19: Density matters},
   journal = {PLOS ONE},
   volume = {15},
   number = {12},
   pages = {e0242398},
   ISSN = {1932-6203},
   DOI = {10.1371/journal.pone.0242398},
   url = {https://dx.doi.org/10.1371/journal.pone.0242398},
   year = {2020},
   type = {Journal Article}
}

