@Manual{R-adespatial,
  title = {adespatial: Multivariate Multiscale Spatial Analysis},
  author = {Stéphane Dray and David Bauman and Guillaume Blanchet and Daniel Borcard and Sylvie Clappe and Guillaume Guenard and Thibaut Jombart and Guillaume Larocque and Pierre Legendre and Naima Madi and Helene H Wagner},
  year = {2021},
  note = {R package version 0.3-14},
  url = {https://github.com/sdray/adespatial},
}

@Manual{R-base,
  title = {R: A Language and Environment for Statistical Computing},
  author = {{R Core Team}},
  organization = {R Foundation for Statistical Computing},
  address = {Vienna, Austria},
  year = {2021},
  url = {https://www.R-project.org/},
}

@Manual{R-censReg,
  title = {censReg: Censored Regression (Tobit) Models},
  author = {Arne Henningsen},
  year = {2020},
  note = {R package version 0.5-32},
  url = {http://www.sampleSelection.org},
}

@Manual{R-dplyr,
  title = {dplyr: A Grammar of Data Manipulation},
  author = {Hadley Wickham and Romain François and Lionel Henry and Kirill Müller},
  year = {2021},
  note = {R package version 1.0.7},
  url = {https://CRAN.R-project.org/package=dplyr},
}

@Manual{R-forcats,
  title = {forcats: Tools for Working with Categorical Variables (Factors)},
  author = {Hadley Wickham},
  year = {2021},
  note = {R package version 0.5.1},
  url = {https://CRAN.R-project.org/package=forcats},
}

@Manual{R-ggplot2,
  title = {ggplot2: Create Elegant Data Visualisations Using the Grammar of Graphics},
  author = {Hadley Wickham and Winston Chang and Lionel Henry and Thomas Lin Pedersen and Kohske Takahashi and Claus Wilke and Kara Woo and Hiroaki Yutani and Dewey Dunnington},
  year = {2021},
  note = {R package version 3.3.5},
  url = {https://CRAN.R-project.org/package=ggplot2},
}

@Manual{R-gmm,
  title = {gmm: Generalized Method of Moments and Generalized Empirical
Likelihood},
  author = {Pierre Chausse},
  year = {2021},
  note = {R package version 1.6-6},
  url = {https://CRAN.R-project.org/package=gmm},
}

@Manual{R-gridExtra,
  title = {gridExtra: Miscellaneous Functions for "Grid" Graphics},
  author = {Baptiste Auguie},
  year = {2017},
  note = {R package version 2.3},
  url = {https://CRAN.R-project.org/package=gridExtra},
}

@Manual{R-kableExtra,
  title = {kableExtra: Construct Complex Table with kable and Pipe Syntax},
  author = {Hao Zhu},
  year = {2021},
  note = {R package version 1.3.4},
  url = {https://CRAN.R-project.org/package=kableExtra},
}

@Manual{R-knitr,
  title = {knitr: A General-Purpose Package for Dynamic Report Generation in R},
  author = {Yihui Xie},
  year = {2021},
  note = {R package version 1.36},
  url = {https://yihui.org/knitr/},
}

@Manual{R-Matrix,
  title = {Matrix: Sparse and Dense Matrix Classes and Methods},
  author = {Douglas Bates and Martin Maechler},
  year = {2021},
  note = {R package version 1.3-4},
  url = {http://Matrix.R-forge.R-project.org/},
}

@Manual{R-maxLik,
  title = {maxLik: Maximum Likelihood Estimation and Related Tools},
  author = {Ott Toomet and Arne Henningsen},
  year = {2021},
  note = {R package version 1.5-2},
  url = {https://CRAN.R-project.org/package=maxLik},
}

@Manual{R-miscTools,
  title = {miscTools: Miscellaneous Tools and Utilities},
  author = {Arne Henningsen and Ott Toomet},
  year = {2019},
  note = {R package version 0.6-26},
  url = {http://www.micEcon.org},
}

@Manual{R-mvtnorm,
  title = {mvtnorm: Multivariate Normal and t Distributions},
  author = {Alan Genz and Frank Bretz and Tetsuhisa Miwa and Xuefei Mi and Torsten Hothorn},
  year = {2021},
  note = {R package version 1.1-2},
  url = {http://mvtnorm.R-forge.R-project.org},
}

@Manual{R-nlme,
  title = {nlme: Linear and Nonlinear Mixed Effects Models},
  author = {José Pinheiro and Douglas Bates and {R-core}},
  year = {2021},
  note = {R package version 3.1-152},
  url = {https://svn.r-project.org/R-packages/trunk/nlme/},
}

@Manual{R-patchwork,
  title = {patchwork: The Composer of Plots},
  author = {Thomas Lin Pedersen},
  year = {2020},
  note = {R package version 1.1.1},
  url = {https://CRAN.R-project.org/package=patchwork},
}

@Manual{R-purrr,
  title = {purrr: Functional Programming Tools},
  author = {Lionel Henry and Hadley Wickham},
  year = {2020},
  note = {R package version 0.3.4},
  url = {https://CRAN.R-project.org/package=purrr},
}

@Manual{R-r0density,
  title = {r0density: Data package for "The importance of reproducibility in COVID-19
research: the case of population density and the basic
reproductive number of COVID-19"},
  author = {Antonio Paez},
  year = {2021},
  note = {R package version 0.1.0},
}

@Manual{R-readr,
  title = {readr: Read Rectangular Text Data},
  author = {Hadley Wickham and Jim Hester},
  year = {2021},
  note = {R package version 2.0.1},
  url = {https://CRAN.R-project.org/package=readr},
}

@Manual{R-rmarkdown,
  title = {rmarkdown: Dynamic Documents for R},
  author = {JJ Allaire and Yihui Xie and Jonathan McPherson and Javier Luraschi and Kevin Ushey and Aron Atkins and Hadley Wickham and Joe Cheng and Winston Chang and Richard Iannone},
  year = {2021},
  note = {R package version 2.11},
  url = {https://CRAN.R-project.org/package=rmarkdown},
}

@Manual{R-sampleSelection,
  title = {sampleSelection: Sample Selection Models},
  author = {Arne Henningsen and Ott Toomet},
  year = {2020},
  note = {R package version 1.2-12},
  url = {http://www.sampleSelection.org},
}

@Manual{R-sandwich,
  title = {sandwich: Robust Covariance Matrix Estimators},
  author = {Achim Zeileis and Thomas Lumley},
  year = {2021},
  note = {R package version 3.0-1},
  url = {https://sandwich.R-Forge.R-project.org/},
}

@Manual{R-scico,
  title = {scico: Colour Palettes Based on the Scientific Colour-Maps},
  author = {Thomas Lin Pedersen and Fabio Crameri},
  year = {2020},
  note = {R package version 1.2.0},
  url = {https://github.com/thomasp85/scico},
}

@Manual{R-sf,
  title = {sf: Simple Features for R},
  author = {Edzer Pebesma},
  year = {2021},
  note = {R package version 1.0-3},
  url = {https://CRAN.R-project.org/package=sf},
}

@Manual{R-sp,
  title = {sp: Classes and Methods for Spatial Data},
  author = {Edzer Pebesma and Roger Bivand},
  year = {2021},
  note = {R package version 1.4-5},
  url = {https://CRAN.R-project.org/package=sp},
}

@Manual{R-spatialprobit,
  title = {spatialprobit: Spatial Probit Models},
  author = {Stefan Wilhelm and Miguel Godinho {de Matos}},
  year = {2015},
  note = {R package version 0.9-11},
  url = {http://www.r-project.org},
}

@Manual{R-spData,
  title = {spData: Datasets for Spatial Analysis},
  author = {Roger Bivand and Jakub Nowosad and Robin Lovelace},
  year = {2021},
  note = {R package version 0.3.10},
  url = {https://nowosad.github.io/spData/},
}

@Manual{R-spdep,
  title = {spdep: Spatial Dependence: Weighting Schemes, Statistics},
  author = {Roger Bivand},
  year = {2021},
  note = {R package version 1.1-8},
  url = {https://github.com/r-spatial/spdep/},
}

@Manual{R-stringr,
  title = {stringr: Simple, Consistent Wrappers for Common String Operations},
  author = {Hadley Wickham},
  year = {2019},
  note = {R package version 1.4.0},
  url = {https://CRAN.R-project.org/package=stringr},
}

@Manual{R-tibble,
  title = {tibble: Simple Data Frames},
  author = {Kirill Müller and Hadley Wickham},
  year = {2021},
  note = {R package version 3.1.6},
  url = {https://CRAN.R-project.org/package=tibble},
}

@Manual{R-tidycensus,
  title = {tidycensus: Load US Census Boundary and Attribute Data as tidyverse and
sf-Ready Data Frames},
  author = {Kyle Walker and Matt Herman},
  year = {2021},
  note = {R package version 1.0},
  url = {https://github.com/walkerke/tidycensus},
}

@Manual{R-tidyr,
  title = {tidyr: Tidy Messy Data},
  author = {Hadley Wickham},
  year = {2021},
  note = {R package version 1.1.4},
  url = {https://CRAN.R-project.org/package=tidyr},
}

@Manual{R-tidyverse,
  title = {tidyverse: Easily Install and Load the Tidyverse},
  author = {Hadley Wickham},
  year = {2021},
  note = {R package version 1.3.1},
  url = {https://CRAN.R-project.org/package=tidyverse},
}

@Manual{R-tmvtnorm,
  title = {tmvtnorm: Truncated Multivariate Normal and Student t Distribution},
  author = {Stefan Wilhelm with contributions from Manjunath B G <bgmanjunath@gmail.com>},
  year = {2015},
  note = {R package version 1.4-10},
  url = {http://www.r-project.org},
}

@Manual{R-units,
  title = {units: Measurement Units for R Vectors},
  author = {Edzer Pebesma and Thomas Mailund and Tomasz Kalinowski and Iñaki Ucar},
  year = {2021},
  note = {R package version 0.7-2},
  url = {https://github.com/r-quantities/units/},
}

@Manual{R-viridis,
  title = {viridis: Colorblind-Friendly Color Maps for R},
  author = {Simon Garnier},
  year = {2021},
  note = {R package version 0.6.1},
  url = {https://CRAN.R-project.org/package=viridis},
}

@Manual{R-viridisLite,
  title = {viridisLite: Colorblind-Friendly Color Maps (Lite Version)},
  author = {Simon Garnier},
  year = {2021},
  note = {R package version 0.4.0},
  url = {https://CRAN.R-project.org/package=viridisLite},
}

@Book{ggplot22016,
  author = {Hadley Wickham},
  title = {ggplot2: Elegant Graphics for Data Analysis},
  publisher = {Springer-Verlag New York},
  year = {2016},
  isbn = {978-3-319-24277-4},
  url = {https://ggplot2.tidyverse.org},
}

@Article{gmm2010,
  title = {Computing Generalized Method of Moments and Generalized Empirical Likelihood with {R}},
  author = {Pierre Chauss{\'e}},
  journal = {Journal of Statistical Software},
  year = {2010},
  volume = {34},
  number = {11},
  pages = {1--35},
  url = {https://www.jstatsoft.org/v34/i11/},
}

@Book{knitr2015,
  title = {Dynamic Documents with {R} and knitr},
  author = {Yihui Xie},
  publisher = {Chapman and Hall/CRC},
  address = {Boca Raton, Florida},
  year = {2015},
  edition = {2nd},
  note = {ISBN 978-1498716963},
  url = {https://yihui.org/knitr/},
}

@InCollection{knitr2014,
  booktitle = {Implementing Reproducible Computational Research},
  editor = {Victoria Stodden and Friedrich Leisch and Roger D. Peng},
  title = {knitr: A Comprehensive Tool for Reproducible Research in {R}},
  author = {Yihui Xie},
  publisher = {Chapman and Hall/CRC},
  year = {2014},
  note = {ISBN 978-1466561595},
  url = {http://www.crcpress.com/product/isbn/9781466561595},
}

@Article{maxLik2011,
  title = {maxLik: A package for maximum likelihood estimation in {R}},
  author = {Arne Henningsen and Ott Toomet},
  journal = {Computational Statistics},
  year = {2011},
  volume = {26},
  number = {3},
  pages = {443-458},
  doi = {10.1007/s00180-010-0217-1},
  url = {http://dx.doi.org/10.1007/s00180-010-0217-1},
}

@Book{mvtnorm2009,
  title = {Computation of Multivariate Normal and t Probabilities},
  author = {Alan Genz and Frank Bretz},
  series = {Lecture Notes in Statistics},
  year = {2009},
  publisher = {Springer-Verlag},
  address = {Heidelberg},
  isbn = {978-3-642-01688-2},
}

@Book{rmarkdown2018,
  title = {R Markdown: The Definitive Guide},
  author = {Yihui Xie and J.J. Allaire and Garrett Grolemund},
  publisher = {Chapman and Hall/CRC},
  address = {Boca Raton, Florida},
  year = {2018},
  note = {ISBN 9781138359338},
  url = {https://bookdown.org/yihui/rmarkdown},
}

@Book{rmarkdown2020,
  title = {R Markdown Cookbook},
  author = {Yihui Xie and Christophe Dervieux and Emily Riederer},
  publisher = {Chapman and Hall/CRC},
  address = {Boca Raton, Florida},
  year = {2020},
  note = {ISBN 9780367563837},
  url = {https://bookdown.org/yihui/rmarkdown-cookbook},
}

@Article{sampleSelection2008,
  title = {Sample Selection Models in {R}: Package {sampleSelection}},
  author = {Ott Toomet and Arne Henningsen},
  journal = {Journal of Statistical Software},
  year = {2008},
  volume = {27},
  number = {7},
  url = {https://www.jstatsoft.org/v27/i07/},
}

@Article{sandwich2020,
  title = {Various Versatile Variances: An Object-Oriented Implementation of Clustered Covariances in {R}},
  author = {Achim Zeileis and Susanne K\"oll and Nathaniel Graham},
  journal = {Journal of Statistical Software},
  year = {2020},
  volume = {95},
  number = {1},
  pages = {1--36},
  doi = {10.18637/jss.v095.i01},
}

@Article{sandwich2004,
  title = {Econometric Computing with {HC} and {HAC} Covariance Matrix Estimators},
  author = {Achim Zeileis},
  journal = {Journal of Statistical Software},
  year = {2004},
  volume = {11},
  number = {10},
  pages = {1--17},
  doi = {10.18637/jss.v011.i10},
}

@Article{sandwich2006,
  title = {Object-Oriented Computation of Sandwich Estimators},
  author = {Achim Zeileis},
  journal = {Journal of Statistical Software},
  year = {2006},
  volume = {16},
  number = {9},
  pages = {1--16},
  doi = {10.18637/jss.v016.i09},
}

@Article{sf2018,
  author = {Edzer Pebesma},
  title = {{Simple Features for R: Standardized Support for Spatial Vector Data}},
  year = {2018},
  journal = {{The R Journal}},
  doi = {10.32614/RJ-2018-009},
  url = {https://doi.org/10.32614/RJ-2018-009},
  pages = {439--446},
  volume = {10},
  number = {1},
}

@Article{sp2005,
  author = {Edzer J. Pebesma and Roger S. Bivand},
  title = {Classes and methods for spatial data in {R}},
  journal = {R News},
  year = {2005},
  volume = {5},
  number = {2},
  pages = {9--13},
  month = {November},
  url = {https://CRAN.R-project.org/doc/Rnews/},
}

@Book{sp2013,
  author = {Roger S. Bivand and Edzer Pebesma and Virgilio Gomez-Rubio},
  title = {Applied spatial data analysis with {R}, Second edition},
  year = {2013},
  publisher = {Springer, NY},
  url = {https://asdar-book.org/},
}

@Article{spdep2018,
  author = {Roger Bivand and David W. S. Wong},
  title = {Comparing implementations of global and local indicators of spatial association},
  journal = {TEST},
  year = {2018},
  volume = {27},
  number = {3},
  pages = {716--748},
  url = {https://doi.org/10.1007/s11749-018-0599-x},
}

@Book{spdep2013,
  author = {Roger S. Bivand and Edzer Pebesma and Virgilio Gomez-Rubio},
  title = {Applied spatial data analysis with {R}, Second edition},
  year = {2013},
  publisher = {Springer, NY},
  url = {https://asdar-book.org/},
}

@Article{tidyverse2019,
  title = {Welcome to the {tidyverse}},
  author = {Hadley Wickham and Mara Averick and Jennifer Bryan and Winston Chang and Lucy D'Agostino McGowan and Romain François and Garrett Grolemund and Alex Hayes and Lionel Henry and Jim Hester and Max Kuhn and Thomas Lin Pedersen and Evan Miller and Stephan Milton Bache and Kirill Müller and Jeroen Ooms and David Robinson and Dana Paige Seidel and Vitalie Spinu and Kohske Takahashi and Davis Vaughan and Claus Wilke and Kara Woo and Hiroaki Yutani},
  year = {2019},
  journal = {Journal of Open Source Software},
  volume = {4},
  number = {43},
  pages = {1686},
  doi = {10.21105/joss.01686},
}

@Article{units2016,
  title = {Measurement Units in {R}},
  author = {Edzer Pebesma and Thomas Mailund and James Hiebert},
  year = {2016},
  journal = {R Journal},
  doi = {10.32614/RJ-2016-061},
  pages = {486--494},
  volume = {8},
  number = {2},
}

